[gd_scene load_steps=23 format=2]

[ext_resource path="res://assets/levels/level01_sand_castle/level01_sand_castle.dae" type="PackedScene" id=1]
[ext_resource path="res://assets/models/planks/planks.dae" type="PackedScene" id=2]
[ext_resource path="res://objects/Dead zone/Dead zone.tscn" type="PackedScene" id=3]
[ext_resource path="res://assets/models/palm_tree_v2_lowpolyedition/palm_tree_lowpoly.obj" type="ArrayMesh" id=4]
[ext_resource path="res://assets/models/palm_tree_v2_lowpolyedition/diffus512.tga" type="Texture" id=5]
[ext_resource path="res://assets/models/palm_tree_v2_lowpolyedition/specular512.tga" type="Texture" id=6]
[ext_resource path="res://assets/models/dnt_ruiner_houses/ruins_house9.obj" type="ArrayMesh" id=7]
[ext_resource path="res://assets/models/dnt_ruiner_houses/ruined_house_9.png" type="Texture" id=8]
[ext_resource path="res://assets/models/dnt_ruiner_houses/ruins_house6.obj" type="ArrayMesh" id=9]
[ext_resource path="res://objects/Rainbow Trout/Rainbow Trout.tscn" type="PackedScene" id=10]
[ext_resource path="res://objects/Boxes/BasicCrate.tscn" type="PackedScene" id=11]
[ext_resource path="res://objects/Triggers/TriggerCameraRotate.tscn" type="PackedScene" id=12]
[ext_resource path="res://objects/Tux/Tux.tscn" type="PackedScene" id=13]
[ext_resource path="res://objects/Tux/CameraTarget.tscn" type="PackedScene" id=14]
[ext_resource path="res://objects/HUD/HUD.tscn" type="PackedScene" id=15]
[ext_resource path="res://objects/Level Controller/LevelController.tscn" type="PackedScene" id=16]
[ext_resource path="res://assets/bgm/Arabesque.ogg" type="AudioStream" id=17]

[sub_resource type="Animation" id=1]

resource_name = "plank"
length = 3.0
loop = true
step = 0.1
tracks/0/type = "value"
tracks/0/path = NodePath(".:translation")
tracks/0/interp = 1
tracks/0/loop_wrap = true
tracks/0/imported = false
tracks/0/enabled = true
tracks/0/keys = {
"times": PoolRealArray( 0, 1.5, 3 ),
"transitions": PoolRealArray( 1, 1, 1 ),
"update": 0,
"values": [ Vector3( -6.1996, 3.70032, -23.7818 ), Vector3( -6.1996, 5.99874, -23.7818 ), Vector3( -6.1996, 3.70032, -23.7818 ) ]
}

[sub_resource type="Animation" id=2]

resource_name = "plank"
length = 7.0
loop = true
step = 0.1
tracks/0/type = "value"
tracks/0/path = NodePath(".:transform")
tracks/0/interp = 1
tracks/0/loop_wrap = true
tracks/0/imported = false
tracks/0/enabled = true
tracks/0/keys = {
"times": PoolRealArray( 0, 3.5, 4, 7 ),
"transitions": PoolRealArray( 1, 1, 1, 1 ),
"update": 0,
"values": [ Transform( -0.00156316, 0, 0.999999, 0, 1, 0, -0.999999, 0, -0.00156316, 26.6374, 3.79216, -28.295 ), Transform( 0.977897, 0, 0.209089, 0, 1, 0, -0.209089, 0, 0.977897, 28.874, 5.83385, -29.0792 ), Transform( 0.977897, 0, 0.209089, 0, 1, 0, -0.209089, 0, 0.977897, 28.874, 5.83385, -29.0792 ), Transform( -0.00156316, 0, 0.999999, 0, 1, 0, -0.999999, 0, -0.00156316, 26.6374, 3.79216, -28.295 ) ]
}

[sub_resource type="SpatialMaterial" id=3]

render_priority = 0
flags_transparent = false
flags_unshaded = false
flags_vertex_lighting = false
flags_no_depth_test = false
flags_use_point_size = false
flags_world_triplanar = false
flags_fixed_size = false
flags_albedo_tex_force_srgb = false
vertex_color_use_as_albedo = false
vertex_color_is_srgb = false
params_diffuse_mode = 4
params_specular_mode = 0
params_blend_mode = 0
params_cull_mode = 0
params_depth_draw_mode = 0
params_line_width = 1.0
params_point_size = 1.0
params_billboard_mode = 0
params_grow = false
params_use_alpha_scissor = false
albedo_color = Color( 1, 1, 1, 1 )
albedo_texture = ExtResource( 5 )
metallic = 0.0
metallic_specular = 1.0
metallic_texture = ExtResource( 6 )
metallic_texture_channel = 0
roughness = 0.0
roughness_texture_channel = 0
emission_enabled = false
normal_enabled = false
rim_enabled = false
clearcoat_enabled = false
anisotropy_enabled = false
ao_enabled = false
depth_enabled = false
subsurf_scatter_enabled = false
transmission_enabled = false
refraction_enabled = false
detail_enabled = false
uv1_scale = Vector3( 1, 1, 1 )
uv1_offset = Vector3( 0, 0, 0 )
uv1_triplanar = false
uv1_triplanar_sharpness = 1.0
uv2_scale = Vector3( 1, 1, 1 )
uv2_offset = Vector3( 0, 0, 0 )
uv2_triplanar = false
uv2_triplanar_sharpness = 1.0
proximity_fade_enable = false
distance_fade_enable = false
_sections_unfolded = [ "Metallic" ]

[sub_resource type="SpatialMaterial" id=4]

render_priority = 0
flags_transparent = false
flags_unshaded = false
flags_vertex_lighting = false
flags_no_depth_test = false
flags_use_point_size = false
flags_world_triplanar = false
flags_fixed_size = false
flags_albedo_tex_force_srgb = false
vertex_color_use_as_albedo = false
vertex_color_is_srgb = false
params_diffuse_mode = 0
params_specular_mode = 0
params_blend_mode = 0
params_cull_mode = 0
params_depth_draw_mode = 0
params_line_width = 1.0
params_point_size = 1.0
params_billboard_mode = 0
params_grow = false
params_use_alpha_scissor = false
albedo_color = Color( 1, 1, 1, 1 )
albedo_texture = ExtResource( 8 )
metallic = 0.0
metallic_specular = 0.5
metallic_texture_channel = 0
roughness = 0.0
roughness_texture_channel = 0
emission_enabled = false
normal_enabled = false
rim_enabled = false
clearcoat_enabled = false
anisotropy_enabled = false
ao_enabled = false
depth_enabled = false
subsurf_scatter_enabled = false
transmission_enabled = false
refraction_enabled = false
detail_enabled = false
uv1_scale = Vector3( 1, 1, 1 )
uv1_offset = Vector3( 0, 0, 0 )
uv1_triplanar = false
uv1_triplanar_sharpness = 1.0
uv2_scale = Vector3( 1, 1, 1 )
uv2_offset = Vector3( 0, 0, 0 )
uv2_triplanar = false
uv2_triplanar_sharpness = 1.0
proximity_fade_enable = false
distance_fade_enable = false
_sections_unfolded = [ "Albedo" ]

[sub_resource type="Environment" id=5]

background_mode = 1
background_sky_custom_fov = 0.0
background_color = Color( 0.458824, 0.835294, 0.890196, 1 )
background_energy = 0.36
background_canvas_max_layer = 0
ambient_light_color = Color( 0.964706, 0.6, 0.0392157, 1 )
ambient_light_energy = 0.92
ambient_light_sky_contribution = 0.38
fog_enabled = true
fog_color = Color( 0.902344, 0.797013, 0.109268, 1 )
fog_sun_color = Color( 0.964706, 0.6, 0.0392157, 1 )
fog_sun_amount = 0.05
fog_depth_enabled = true
fog_depth_begin = 10.0
fog_depth_curve = 1.0
fog_transmit_enabled = false
fog_transmit_curve = 1.0
fog_height_enabled = false
fog_height_min = 0.0
fog_height_max = 100.0
fog_height_curve = 1.0
tonemap_mode = 0
tonemap_exposure = 1.0
tonemap_white = 1.0
auto_exposure_enabled = false
auto_exposure_scale = 0.4
auto_exposure_min_luma = 0.05
auto_exposure_max_luma = 8.0
auto_exposure_speed = 0.5
ss_reflections_enabled = false
ss_reflections_max_steps = 64
ss_reflections_fade_in = 0.15
ss_reflections_fade_out = 2.0
ss_reflections_depth_tolerance = 0.2
ss_reflections_roughness = true
ssao_enabled = false
ssao_radius = 1.0
ssao_intensity = 1.0
ssao_radius2 = 0.0
ssao_intensity2 = 1.0
ssao_bias = 0.01
ssao_light_affect = 0.0
ssao_color = Color( 0, 0, 0, 1 )
ssao_quality = 0
ssao_blur = 3
ssao_edge_sharpness = 4.0
dof_blur_far_enabled = false
dof_blur_far_distance = 10.0
dof_blur_far_transition = 5.0
dof_blur_far_amount = 0.1
dof_blur_far_quality = 1
dof_blur_near_enabled = false
dof_blur_near_distance = 2.0
dof_blur_near_transition = 1.0
dof_blur_near_amount = 0.1
dof_blur_near_quality = 1
glow_enabled = false
glow_levels/1 = false
glow_levels/2 = false
glow_levels/3 = true
glow_levels/4 = false
glow_levels/5 = true
glow_levels/6 = false
glow_levels/7 = false
glow_intensity = 0.8
glow_strength = 1.0
glow_bloom = 0.0
glow_blend_mode = 2
glow_hdr_threshold = 1.0
glow_hdr_scale = 2.0
glow_bicubic_upscale = false
adjustment_enabled = false
adjustment_brightness = 1.0
adjustment_contrast = 1.0
adjustment_saturation = 1.0
_sections_unfolded = [ "Ambient Light", "Background", "Tonemap" ]

[node name="Test level" type="Spatial" index="0"]

[node name="Platforms" type="Spatial" parent="." index="0"]

__meta__ = {
"_edit_lock_": true
}

[node name="Sand castle" parent="Platforms" index="0" instance=ExtResource( 1 )]

transform = Transform( 1.4, 0, 0, 0, 1.4, 0, 0, 0, 1.4, 0, 0, 0 )
_sections_unfolded = [ "Transform" ]

[node name="Planks" parent="Platforms" index="1" instance=ExtResource( 2 )]

editor/display_folded = true
transform = Transform( 0, 0, 0.5, 0, 1, 0, -1, 0, 0, -6.1996, 4.01099, -23.7818 )
_sections_unfolded = [ "Transform" ]

[node name="AnimationPlayer2" type="AnimationPlayer" parent="Platforms/Planks" index="2"]

root_node = NodePath("..")
autoplay = "plank"
playback_process_mode = 1
playback_default_blend_time = 0.0
playback_speed = 1.0
anims/plank = SubResource( 1 )
blend_times = [  ]

[node name="Planks3" parent="Platforms" index="2" instance=ExtResource( 2 )]

transform = Transform( 0.779777, 0, -0.626058, 0, 1, 0, 0.626058, 0, 0.779777, 37.0314, 2.04451, -22.768 )

[node name="Planks2" parent="Platforms" index="3" instance=ExtResource( 2 )]

transform = Transform( 0.733927, 0, -0.679229, 0, 1, 0, 0.679229, 0, 0.733927, 31.6693, 3.55571, -22.6979 )

[node name="Planks5" parent="Platforms" index="4" instance=ExtResource( 2 )]

transform = Transform( -0.807285, 0, -0.590162, 0, 1, 0, 0.590162, 0, -0.807285, 28.0062, 4.07223, -25.0734 )

[node name="Planks7" parent="Platforms" index="5" instance=ExtResource( 2 )]

editor/display_folded = true
transform = Transform( -0.00156316, 0, 0.999999, 0, 1, 0, -0.999999, 0, -0.00156316, 26.6374, 3.79216, -28.295 )
_sections_unfolded = [ "Transform" ]

[node name="AnimationPlayer2" type="AnimationPlayer" parent="Platforms/Planks7" index="2"]

root_node = NodePath("..")
autoplay = "plank"
playback_process_mode = 1
playback_default_blend_time = 0.0
playback_speed = 1.0
anims/plank = SubResource( 2 )
blend_times = [  ]

[node name="Planks6" parent="Platforms" index="6" instance=ExtResource( 2 )]

transform = Transform( -0.776596, 0, 0.629998, 0, 1, 0, -0.629998, 0, -0.776596, -37.2072, 8.25268, -23.9073 )

[node name="Planks4" parent="Platforms" index="7" instance=ExtResource( 2 )]

transform = Transform( 0.892544, 0, 0.45096, 0, 1, 0, -0.45096, 0, 0.892544, 34.2103, 2.63238, -22.6979 )
_sections_unfolded = [ "Transform" ]

[node name="Dead zone" parent="Platforms" index="8" instance=ExtResource( 3 )]

transform = Transform( 73.48, 0, 0, 0, 1, 0, 0, 0, 73.2119, 0, -0.676439, 0 )
_sections_unfolded = [ "Transform" ]

[node name="Decals" type="Spatial" parent="." index="1"]

[node name="Palm tree 1" type="MeshInstance" parent="Decals" index="0"]

transform = Transform( 0.025, 0, 0, 0, 0.025, 0, 0, 0, 0.025, -2.07759, -0.0146842, 4.43973 )
layers = 1
material_override = null
cast_shadow = 1
extra_cull_margin = 0.0
use_in_baked_light = false
lod_min_distance = 0.0
lod_min_hysteresis = 0.0
lod_max_distance = 0.0
lod_max_hysteresis = 0.0
mesh = ExtResource( 4 )
skeleton = NodePath("..")
material/0 = SubResource( 3 )
_sections_unfolded = [ "Transform", "material" ]

[node name="Palm tree 2" type="MeshInstance" parent="Decals" index="1"]

transform = Transform( 0.025, 0, 0, 0, 0.025, 0, 0, 0, 0.025, 3.53738, -0.0146842, -11.1007 )
layers = 1
material_override = null
cast_shadow = 1
extra_cull_margin = 0.0
use_in_baked_light = false
lod_min_distance = 0.0
lod_min_hysteresis = 0.0
lod_max_distance = 0.0
lod_max_hysteresis = 0.0
mesh = ExtResource( 4 )
skeleton = NodePath("..")
material/0 = SubResource( 3 )
_sections_unfolded = [ "Transform", "material" ]

[node name="Palm tree 3" type="MeshInstance" parent="Decals" index="2"]

transform = Transform( 0.025, 0, 0, 0, 0.025, 0, 0, 0, 0.025, 18.4431, -0.0146842, -21.106 )
layers = 1
material_override = null
cast_shadow = 1
extra_cull_margin = 0.0
use_in_baked_light = false
lod_min_distance = 0.0
lod_min_hysteresis = 0.0
lod_max_distance = 0.0
lod_max_hysteresis = 0.0
mesh = ExtResource( 4 )
skeleton = NodePath("..")
material/0 = SubResource( 3 )
_sections_unfolded = [ "Transform", "material" ]

[node name="Palm tree 4" type="MeshInstance" parent="Decals" index="3"]

transform = Transform( 0.025, 0, 0, 0, 0.025, 0, 0, 0, 0.025, -3.91549, -0.0146842, -32.3363 )
layers = 1
material_override = null
cast_shadow = 1
extra_cull_margin = 0.0
use_in_baked_light = false
lod_min_distance = 0.0
lod_min_hysteresis = 0.0
lod_max_distance = 0.0
lod_max_hysteresis = 0.0
mesh = ExtResource( 4 )
skeleton = NodePath("..")
material/0 = SubResource( 3 )
_sections_unfolded = [ "Transform", "material" ]

[node name="Palm tree 5" type="MeshInstance" parent="Decals" index="4"]

transform = Transform( 0.0154019, 0, -0.0196922, 0, 0.025, 0, 0.0196922, 0, 0.0154019, -51.5808, -0.0146842, -28.7407 )
layers = 1
material_override = null
cast_shadow = 1
extra_cull_margin = 0.0
use_in_baked_light = false
lod_min_distance = 0.0
lod_min_hysteresis = 0.0
lod_max_distance = 0.0
lod_max_hysteresis = 0.0
mesh = ExtResource( 4 )
skeleton = NodePath("..")
material/0 = SubResource( 3 )
_sections_unfolded = [ "Transform", "material" ]

[node name="Palm tree 10" type="MeshInstance" parent="Decals" index="5"]

transform = Transform( 0.025, 0, 0, 0, 0.025, 0, 0, 0, 0.025, -13.2061, -0.0146842, -17.1243 )
layers = 1
material_override = null
cast_shadow = 1
extra_cull_margin = 0.0
use_in_baked_light = false
lod_min_distance = 0.0
lod_min_hysteresis = 0.0
lod_max_distance = 0.0
lod_max_hysteresis = 0.0
mesh = ExtResource( 4 )
skeleton = NodePath("..")
material/0 = SubResource( 3 )
_sections_unfolded = [ "Transform", "material" ]

[node name="Palm tree 7" type="MeshInstance" parent="Decals" index="6"]

transform = Transform( 0.025, 0, 0, 0, 0.025, 0, 0, 0, 0.025, 40.5975, -0.0146804, -36.0117 )
layers = 1
material_override = null
cast_shadow = 1
extra_cull_margin = 0.0
use_in_baked_light = false
lod_min_distance = 0.0
lod_min_hysteresis = 0.0
lod_max_distance = 0.0
lod_max_hysteresis = 0.0
mesh = ExtResource( 4 )
skeleton = NodePath("..")
material/0 = SubResource( 3 )
_sections_unfolded = [ "Transform", "material" ]

[node name="Palm tree 8" type="MeshInstance" parent="Decals" index="7"]

transform = Transform( 0.025, 0, 0, 0, 0.025, 0, 0, 0, 0.025, 49.3776, -0.014688, -11.2028 )
layers = 1
material_override = null
cast_shadow = 1
extra_cull_margin = 0.0
use_in_baked_light = false
lod_min_distance = 0.0
lod_min_hysteresis = 0.0
lod_max_distance = 0.0
lod_max_hysteresis = 0.0
mesh = ExtResource( 4 )
skeleton = NodePath("..")
material/0 = SubResource( 3 )
_sections_unfolded = [ "Transform", "material" ]

[node name="Palm tree 9" type="MeshInstance" parent="Decals" index="8"]

transform = Transform( 0.025, 0, 0, 0, 0.025, 0, 0, 0, 0.025, 19.7103, -0.014688, 6.64823 )
layers = 1
material_override = null
cast_shadow = 1
extra_cull_margin = 0.0
use_in_baked_light = false
lod_min_distance = 0.0
lod_min_hysteresis = 0.0
lod_max_distance = 0.0
lod_max_hysteresis = 0.0
mesh = ExtResource( 4 )
skeleton = NodePath("..")
material/0 = SubResource( 3 )
_sections_unfolded = [ "Transform", "material" ]

[node name="Palm tree 6" type="MeshInstance" parent="Decals" index="9"]

transform = Transform( 0.025, 0, 0, 0, 0.025, 0, 0, 0, 0.025, 15.8908, -0.0146842, -49.5533 )
layers = 1
material_override = null
cast_shadow = 1
extra_cull_margin = 0.0
use_in_baked_light = false
lod_min_distance = 0.0
lod_min_hysteresis = 0.0
lod_max_distance = 0.0
lod_max_hysteresis = 0.0
mesh = ExtResource( 4 )
skeleton = NodePath("..")
material/0 = SubResource( 3 )
_sections_unfolded = [ "Transform", "material" ]

[node name="Ruiner Home 9" type="MeshInstance" parent="Decals" index="10"]

transform = Transform( 0.175434, 0, 0.0960354, 0, 0.2, 0, -0.0960354, 0, 0.175434, -0.00178242, 0.081533, -8.6503 )
layers = 1
material_override = null
cast_shadow = 1
extra_cull_margin = 0.0
use_in_baked_light = false
lod_min_distance = 0.0
lod_min_hysteresis = 0.0
lod_max_distance = 0.0
lod_max_hysteresis = 0.0
mesh = ExtResource( 7 )
skeleton = NodePath("..")
material/0 = SubResource( 4 )
_sections_unfolded = [ "Transform", "material" ]

[node name="Ruined House" type="MeshInstance" parent="Decals" index="11"]

transform = Transform( 0.285172, 0, -0.410703, 0, 0.5, 0, 0.410703, 0, 0.285172, 13.3704, 0.136231, -20.422 )
layers = 1
material_override = null
cast_shadow = 1
extra_cull_margin = 0.0
use_in_baked_light = false
lod_min_distance = 0.0
lod_min_hysteresis = 0.0
lod_max_distance = 0.0
lod_max_hysteresis = 0.0
mesh = ExtResource( 9 )
skeleton = NodePath("..")
material/0 = null
_sections_unfolded = [ "Transform" ]

[node name="Herrings" type="Spatial" parent="." index="2"]

editor/display_folded = true
_sections_unfolded = [ "Transform" ]

[node name="Rainbow Trout" parent="Herrings" index="0" instance=ExtResource( 10 )]

transform = Transform( 0.5, 0, 0, 0, 0.5, 0, 0, 0, 0.5, 3.71953, 3.67789, 0.0842361 )

[node name="Crates" type="Spatial" parent="." index="3"]

[node name="BasicCrate" parent="Crates" index="0" instance=ExtResource( 11 )]

transform = Transform( 1, 0, 0, 0, 1, 0, 0, 0, 1, 2.78112, 3.62017, 0.0433615 )
item_inside = ExtResource( 10 )

[node name="BasicCrate2" parent="Crates" index="1" instance=ExtResource( 11 )]

transform = Transform( 1, 0, 0, 0, 1, 0, 0, 0, 1, 4.55857, 3.62017, 0.0433615 )
item_inside = ExtResource( 10 )

[node name="BasicCrate5" parent="Crates" index="2" instance=ExtResource( 11 )]

transform = Transform( 1, 0, 0, 0, 1, 0, 0, 0, 1, 8.60182, 3.62017, 0.0433615 )
item_inside = ExtResource( 10 )

[node name="BasicCrate8" parent="Crates" index="3" instance=ExtResource( 11 )]

transform = Transform( 1, 0, 0, 0, 1, 0, 0, 0, 1, 12.7077, 3.74267, -2.96404 )
item_inside = ExtResource( 10 )

[node name="BasicCrate9" parent="Crates" index="4" instance=ExtResource( 11 )]

transform = Transform( 1, 0, 0, 0, 1, 0, 0, 0, 1, 13.0036, 3.7896, -4.13151 )
item_inside = ExtResource( 10 )

[node name="BasicCrate10" parent="Crates" index="5" instance=ExtResource( 11 )]

transform = Transform( 0.996405, 0, 0.0847132, 0, 1, 0, -0.0847132, 0, 0.996405, 12.9581, 3.76796, -5.23691 )
item_inside = ExtResource( 10 )

[node name="BasicCrate15" parent="Crates" index="6" instance=ExtResource( 11 )]

transform = Transform( 0.996405, 0, 0.0847132, 0, 1, 0, -0.0847132, 0, 0.996405, 12.6609, 3.76796, -6.83551 )
item_inside = ExtResource( 10 )

[node name="BasicCrate19" parent="Crates" index="7" instance=ExtResource( 11 )]

transform = Transform( 1, 0, 0, 0, 1, 0, 0, 0, 1, 12.4096, 3.76796, -10.6414 )
item_inside = ExtResource( 10 )

[node name="BasicCrate21" parent="Crates" index="8" instance=ExtResource( 11 )]

transform = Transform( 1, 0, 0, 0, 1, 0, 0, 0, 1, 12.8363, 3.62017, -12.9187 )
item_inside = ExtResource( 10 )

[node name="BasicCrate23" parent="Crates" index="9" instance=ExtResource( 11 )]

transform = Transform( 1, 0, 0, 0, 1, 0, 0, 0, 1, 14.4437, 3.62017, -14.5248 )
item_inside = ExtResource( 10 )

[node name="BasicCrate26" parent="Crates" index="10" instance=ExtResource( 11 )]

transform = Transform( 1, 0, 0, 0, 1, 0, 0, 0, 1, 17.4823, 3.62017, -15.3724 )
item_inside = ExtResource( 10 )

[node name="BasicCrate27" parent="Crates" index="11" instance=ExtResource( 11 )]

transform = Transform( 1, 0, 0, 0, 1, 0, 0, 0, 1, 17.4823, 4.17017, -15.3724 )
item_inside = ExtResource( 10 )

[node name="BasicCrate28" parent="Crates" index="12" instance=ExtResource( 11 )]

transform = Transform( 1, 0, 0, 0, 1, 0, 0, 0, 1, 19.421, 3.62017, -15.3724 )
item_inside = ExtResource( 10 )

[node name="BasicCrate29" parent="Crates" index="13" instance=ExtResource( 11 )]

transform = Transform( 1, 0, 0, 0, 1, 0, 0, 0, 1, 19.421, 4.17017, -15.3724 )
item_inside = ExtResource( 10 )

[node name="BasicCrate32" parent="Crates" index="14" instance=ExtResource( 11 )]

transform = Transform( 1, 0, 0, 0, 1, 0, 0, 0, 1, 23.9712, 3.62017, -15.3724 )
item_inside = ExtResource( 10 )

[node name="BasicCrate36" parent="Crates" index="15" instance=ExtResource( 11 )]

transform = Transform( 1, 0, 0, 0, 1, 0, 0, 0, 1, 29.3005, 3.62017, -18.2987 )
item_inside = ExtResource( 10 )

[node name="BasicCrate37" parent="Crates" index="16" instance=ExtResource( 11 )]

transform = Transform( 1, 0, 0, 0, 1, 0, 0, 0, 1, 29.3005, 3.62017, -20.4921 )
item_inside = ExtResource( 10 )

[node name="BasicCrate38" parent="Crates" index="17" instance=ExtResource( 11 )]

transform = Transform( 1, 0, 0, 0, 0.993493, 0.113895, 0, -0.113895, 0.993493, 36.627, 2.29725, -22.1732 )
affected_by_gravity = false
item_inside = ExtResource( 10 )

[node name="BasicCrate39" parent="Crates" index="18" instance=ExtResource( 11 )]

transform = Transform( 0.817984, -0.0655169, 0.571498, 0, 0.993493, 0.113895, -0.575241, -0.0931641, 0.812661, 37.2415, 2.29725, -22.9685 )
affected_by_gravity = false
item_inside = ExtResource( 10 )

[node name="BasicCrate40" parent="Crates" index="19" instance=ExtResource( 11 )]

transform = Transform( 0.587822, 0, 0.80899, 0, 1, 0, -0.80899, 0, 0.587822, 29.2782, 5.71682, -26.6786 )
item_inside = ExtResource( 10 )

[node name="BasicCrate43" parent="Crates" index="20" instance=ExtResource( 11 )]

transform = Transform( 0.999967, 0, -0.00809708, 0, 1, 0, 0.00809708, 0, 0.999967, 29.8745, 5.71682, -26.343 )
item_inside = ExtResource( 10 )

[node name="BasicCrate44" parent="Crates" index="21" instance=ExtResource( 11 )]

transform = Transform( 0.588703, 0, -0.80835, 0, 1, 0, 0.80835, 0, 0.588703, 29.2077, 5.71682, -26.068 )
item_inside = ExtResource( 10 )

[node name="BasicCrate45" parent="Crates" index="22" instance=ExtResource( 11 )]

transform = Transform( 0.588703, 0, -0.80835, 0, 1, 0, 0.80835, 0, 0.588703, 29.9901, 5.71682, -27.1036 )
item_inside = ExtResource( 10 )

[node name="BasicCrate46" parent="Crates" index="23" instance=ExtResource( 11 )]

transform = Transform( -0.204294, 0, -0.97891, 0, 1, 0, 0.97891, 0, -0.204294, 28.8045, 5.71682, -27.2417 )
item_inside = ExtResource( 10 )

[node name="BasicCrate47" parent="Crates" index="24" instance=ExtResource( 11 )]

transform = Transform( -0.204294, 0, -0.97891, 0, 1, 0, 0.97891, 0, -0.204294, 29.5933, 6.27696, -26.5886 )
item_inside = ExtResource( 10 )

[node name="BasicCrate48" parent="Crates" index="25" instance=ExtResource( 11 )]

transform = Transform( 0.278925, 0, -0.960313, 0, 1, 0, 0.960313, 0, 0.278925, 28.9629, 6.27696, -26.9162 )
item_inside = ExtResource( 10 )

[node name="BasicCrate50" parent="Crates" index="26" instance=ExtResource( 11 )]

transform = Transform( 0.278925, 0, -0.960313, 0, 1, 0, 0.960313, 0, 0.278925, -35.4553, 8.87755, -26.9162 )
item_inside = ExtResource( 10 )

[node name="BasicCrate49" parent="Crates" index="27" instance=ExtResource( 11 )]

transform = Transform( 0.911774, 0, -0.410693, 0, 1, 0, 0.410693, 0, 0.911774, 29.1087, 6.27696, -26.1333 )
item_inside = ExtResource( 10 )

[node name="BasicCrate42" parent="Crates" index="28" instance=ExtResource( 11 )]

transform = Transform( 0.587822, -0.0921397, 0.803726, 0, 0.993493, 0.113895, -0.80899, -0.0669499, 0.583997, 36.6584, 2.89642, -22.3147 )
affected_by_gravity = false
item_inside = ExtResource( 10 )

[node name="BasicCrate41" parent="Crates" index="29" instance=ExtResource( 11 )]

transform = Transform( 0.810104, -0.202458, 0.550221, 0.113269, 0.974849, 0.191935, -0.575241, -0.0931641, 0.812661, 37.0641, 2.85881, -22.7913 )
affected_by_gravity = false
item_inside = ExtResource( 10 )

[node name="BasicCrate33" parent="Crates" index="30" instance=ExtResource( 11 )]

transform = Transform( 1, 0, 0, 0, 1, 0, 0, 0, 1, 23.3127, 3.62017, -15.3724 )
item_inside = ExtResource( 10 )

[node name="BasicCrate34" parent="Crates" index="31" instance=ExtResource( 11 )]

transform = Transform( 1, 0, 0, 0, 1, 0, 0, 0, 1, 23.3127, 4.14763, -15.3724 )
item_inside = ExtResource( 10 )

[node name="BasicCrate17" parent="Crates" index="32" instance=ExtResource( 11 )]

transform = Transform( 0.996405, 0, 0.0847132, 0, 1, 0, -0.0847132, 0, 0.996405, 12.5204, 3.76796, -8.48753 )
item_inside = ExtResource( 10 )

[node name="BasicCrate11" parent="Crates" index="33" instance=ExtResource( 11 )]

transform = Transform( 1, 0, 0, 0, 1, 0, 0, 0, 1, 13.0036, 3.7896, -3.55748 )
item_inside = ExtResource( 10 )

[node name="BasicCrate12" parent="Crates" index="34" instance=ExtResource( 11 )]

transform = Transform( 1, 0, 0, 0, 1, 0, 0, 0, 1, 13.0036, 4.36595, -3.55748 )
item_inside = ExtResource( 10 )

[node name="BasicCrate13" parent="Crates" index="35" instance=ExtResource( 11 )]

transform = Transform( 1, 0, 0, 0, 1, 0, 0, 0, 1, 12.6465, 4.30756, -2.96906 )
item_inside = ExtResource( 10 )

[node name="BasicCrate14" parent="Crates" index="36" instance=ExtResource( 11 )]

transform = Transform( 1, 0, 0, 0, 1, 0, 0, 0, 1, 12.6692, 4.82709, -2.96906 )
item_inside = ExtResource( 10 )

[node name="BasicCrate7" parent="Crates" index="37" instance=ExtResource( 11 )]

transform = Transform( 0.445537, 0, 0.895264, 0, 1, 0, -0.895264, 0, 0.445537, 11.401, 3.62017, -1.59982 )
item_inside = ExtResource( 10 )

[node name="Triggers" type="Spatial" parent="." index="4"]

editor/display_folded = true

[node name="TriggerCameraRotate" parent="Triggers" index="0" instance=ExtResource( 12 )]

transform = Transform( -0.0871558, 0, 0.996195, 0, 1, 0, -0.996195, 0, -0.0871558, -13.0259, 5.93585, -40.6139 )
target_path = NodePath("../../CameraTarget")
target_camera_rotate = Vector3( 0, -90, 0 )

[node name="TriggerCameraRotate4" parent="Triggers" index="1" instance=ExtResource( 12 )]

transform = Transform( -0.0137319, 0, 0.999906, 0, 1, 0, -0.999906, 0, -0.0137319, -32.4011, 8.68585, -40.4092 )
target_path = NodePath("../../CameraTarget")
target_camera_rotate = Vector3( 0, -45, 0 )

[node name="TriggerCameraRotate5" parent="Triggers" index="2" instance=ExtResource( 12 )]

transform = Transform( -0.999808, 0, 0.0196056, 0, 1, 0, -0.0196056, 0, -0.999808, -34.9032, 8.68585, -35.4147 )
target_path = NodePath("../../CameraTarget")
target_camera_rotate = Vector3( 0, 0, 0 )

[node name="TriggerCameraRotate2" parent="Triggers" index="3" instance=ExtResource( 12 )]

transform = Transform( 0.999473, 0, -0.0324464, 0, 1, 0, 0.0324464, 0, 0.999473, -8.43328, 5.77631, -36.8331 )
target_path = NodePath("../../CameraTarget")
target_camera_rotate = Vector3( 0, -180, 0 )

[node name="TriggerCameraRotate3" parent="Triggers" index="4" instance=ExtResource( 12 )]

transform = Transform( 0.945921, 0, 0.324396, 0, 1, 0, -0.324396, 0, 0.945921, -8.6994, 5.77631, -38.4704 )
target_path = NodePath("../../CameraTarget")
target_camera_rotate = Vector3( 0, -135, 0 )

[node name="Tux" parent="." index="5" instance=ExtResource( 13 )]

transform = Transform( -0.597717, 0, 0.0522935, 0, 1, 0, -0.0522935, 0, -0.597717, 1.64866, 3.69594, -0.0396941 )
speed = 4
camera_path = NodePath("../CameraTarget")

[node name="CameraTarget" parent="." index="6" instance=ExtResource( 14 )]

transform = Transform( -1, 0, -8.74228e-008, 0, 1, 0, 8.74228e-008, 0, -1, 0.622483, 3.9644, 0 )
character_path = NodePath("../Tux")
camera_speed = 0.2
camera_height = 1.0
max_x = Vector2( -50, 35 )
max_y = Vector2( 0, 8.5 )
max_z = Vector2( -50, 0 )

[node name="HUD" parent="." index="7" instance=ExtResource( 15 )]

position = Vector2( 3.87606, 1.64525 )
level_controller_path = NodePath("../LevelController")

[node name="DirectionalLight" type="DirectionalLight" parent="." index="8"]

transform = Transform( 0.719234, 0.16435, -0.675049, 0.166416, 0.902582, 0.397053, 0.674543, -0.397914, 0.621818, -7.67977, 7.23621, 4.4009 )
layers = 1
light_color = Color( 1, 1, 1, 1 )
light_energy = 0.2
light_indirect_energy = 0.06
light_negative = false
light_specular = 0.28
light_bake_mode = 1
light_cull_mask = -1
shadow_enabled = true
shadow_color = Color( 0.670893, 0.679688, 0.398254, 1 )
shadow_bias = 0.1
shadow_contact = 0.0
shadow_reverse_cull_face = false
editor_only = false
directional_shadow_mode = 2
directional_shadow_split_1 = 0.1
directional_shadow_split_2 = 0.2
directional_shadow_split_3 = 0.5
directional_shadow_blend_splits = false
directional_shadow_normal_bias = 0.8
directional_shadow_bias_split_scale = 0.25
directional_shadow_depth_range = 0
directional_shadow_max_distance = 200.0
_sections_unfolded = [ "Directional Shadow", "Light" ]

[node name="WorldEnvironment" type="WorldEnvironment" parent="." index="9"]

environment = SubResource( 5 )
_sections_unfolded = [ "Pause" ]

[node name="LevelController" parent="." index="10" instance=ExtResource( 16 )]

crates_count = 49
level_music = ExtResource( 17 )
crates_spatial_node_path = NodePath("../Crates")


